@article{friese2017,
  title={Does self-control training improve self-control? A meta-analysis},
  author={Friese, Malte and Frankenbach, Julius and Job, Veronika and Loschelder, David D},
  journal={Perspectives on Psychological Science},
  volume={12},
  number={6},
  pages={1077--1099},
  year={2017},
  publisher={Sage Publications Sage CA: Los Angeles, CA}
}
